%@STRING( IJCV = {International Journal of Computer Vision})
@STRING( IJCV = {IJCV})

%@STRING( CVIU = {Computer Vision and Image Understanding})
@STRING( CVIU = {CVIU})

%@STRING( CVGIP = {CVGIP})
@STRING( CVGIP = {Computer Vision Graphics and Image Processing})

@STRING( ICPR = {IAPR International Conference on Image Processing})
		  
%@STRING( CVPR = {IEEE Computer Society Conference on Computer Vision and Pattern Recognition})
@STRING( CVPR = {CVPR})

%@STRING( ECCV = {European Conference on Computer Vision})
@STRING( ECCV = {ECCV})		  

@STRING( ACCV = {Asian Conference on Computer Vision})

%@STRING( ICCV = {IEEE International Conference on Computer Vision})
@STRING( ICCV = {ICCV})		  

%@STRING( ICRA = {IEEE International Conference on Robotics and Automation})
@STRING( ICRA = {ICRA})

%@STRING( IROS = {IEEE/RSJ International Conference on Intelligent Robots and Systems})
@STRING( IROS = {IROS})

%@STRING( ICML = {International Conference on Machine Learning})
@STRING( ICML = {ICML})

%@STRING( NIPS = {NIPS})
@STRING( NIPS = {Neural Information Processing Systems})

%@STRING( FG = {IEEE Int.~Conf.~Automatic Face and 
%                     Gesture Recognition})		  
@STRING( FG = {IEEE International Conference on Automatic Face and 
                     Gesture Recognition})		  

% @STRING( PAMI = {IEEE Transactions on Pattern Analysis and Machine Intelligence})
@STRING( PAMI = {IEEE PAMI})

%@STRING( IVC = {Image and Vision Computing})
@STRING( IVC = {IVC})

%@STRING( IJRR = {International Journal of Robotics Research})
@STRING( IJRR = {IJRR})

%@STRING( TRO = {IEEE Transactions on Robotics})
@STRING( TRO = {IEEE TRO})

%@STRING( ICPRAM = {ICPRAM})
@STRING( ICPRAM = {International Conference on Pattern Recognition Applications and Methods})


@ARTICLE{lowe04,
 author = {G.~D.~Lowe},
 title = {Distinctive Image Features from Scale-Invariant Keypoints},
 journal = {IJCV},
 month = nov,
 year = {2004},
 issn = {0920-5691},
 pages = {91--110},
 numpages = {20}
} 

@inproceedings{rosten06,
    author = {E.~Rosten and T.~Drummond},
    title = {Machine learning for high-speed corner detection},
    booktitle = {ECCV},
    year = {2006}
}

@inproceedings{calonder10,
 author = {M.~Calonder, V.~Lepetit, C.~Strecha and P.~Fua},
 title = {BRIEF: Binary Robust Independent Elementary Features},
 booktitle = ECCV,
 year = {2010}
} 

@inproceedings{leutenegger11,
 author = {S.~Leutenegger and M.~Chli and R.~Y.~Siegwart},
 title = {BRISK: Binary Robust Invariant Scalable Keypoints},
 booktitle = {ICCV},
 year = {2011}
} 

@inproceedings{rublee11,
	author = {E.~Rublee, V.~Rabaud, K.~Konolige and G.~Bradski},
	title = {ORB: An Efficient Alternative to SIFT or SURF},
	booktitle = {ICCV},
	year = {2011}
}

@inproceedings{ortiz12,
 author = {R.~Ortiz},
 title = {FREAK: Fast Retina Keypoint},
 booktitle = {CVPR},
 year = {2012}
} 

@inproceedings{alcantarilla12,
 author = {P.~F.~Alcantarilla, A.~Bartoli and A.~J.~Davison},
 title = {KAZE Features},
 booktitle = {ECCV},
 year = {2012}
} 

@inproceedings{alcantarilla13,
   author = {P.~F.~Alcantarilla, J.~Nuevo and A.~Bartoli},
   title = {Fast Explicit Diffusion for Accelerated Features in Nonlinear Scale Spaces},
   booktitle = {BMVC}, 
   year = {2013}
}

@article{mikolajczyk05,
 author = {K.~Mikolajczyk and C.~Schmid},
 title = {A Performance Evaluation of Local Descriptors},
 journal = {PAMI},
 year = {2005}
} 

@article{pieropan15,
title = {Robust and Adaptive Keypoint Based Object Tracking},
author = {A.Pieropan, N.Bergström, H.Kjellström and M.Ishikawa},
year = {2015},
journal = {Advanced Robotics},
note = {In press}
}



